@ARTICLE{podvoyskiy-mami:2010,
  author = {Подвойский, A. О. and Боровских, В. Е.},
  title = {Метод прогнозирования усталостной долговечности в условиях квазимонотонной деградациии физико-механических свойств объекта},
  journal = {Известия МГТУ <<МАМИ>>},
  year = {2010},
  number = {2(10)},
  pages = {161--172},
  language = {russian},
  authorvak = {true},
}

@ARTICLE{podvoyskiy-sstu:2011,
  author = {Подвойский, A. О. and Боровских, В. Е.},
  title = {Прогнозирование оценки ресурса технического объекта по критерию текущего значения предела выносливости},
  journal = {Вестник Саратовского государственного технического университета},
  year = {2011},
  number = {1(52)},
  pages = {84--88},
  language = {russian},
  authorvak = {true},
}

@ARTICLE{podvoyskiy-mami:2012,
  author = {Подвойский, A. О. and Боровских, В. Е.},
  title = {Аппроксимативная модель прогнозирования ресурса при воздействии негауссовских процессов},
  journal = {Известия МГТУ <<МАМИ>>},
  year = {2012},
  number = {2(14)},
  volume = {2},
  pages = {289--293},
  language = {russian},
  authorvak = {true},
}

@ARTICLE{podvoyskiy-sstu:2010,
  author = {Подвойский, A. О. and Боровских, В. Е.},
  title = {Правило исчерпания предела выносливости объекта для случая аддитивно-мультипликативной модели нестационарного стохастического процесса},
  journal = {Вестник Саратовского государственного технического университета},
  year = {2010},
  number = {2(45)},
  pages = {83--89},
  language = {russian},
  authorvak = {true},
}

@ARTICLE{podvoyskiy-vestnik:2013,
  author = {Подвойский, A. О. and Боровских, В. Е.},
  title = {Аппроксимативная модель прогнозирования оценок усталостной долговечности при нагружении стационарными гауссовскими стохастическими процессами},
  journal = {Вестник машиностроения},
  year = {2013},
  number = {7},
  pages = {20--27},
  language = {russian},
  authorvak = {true},
}

@CONFERENCE{podvoyskiy-fund-prob:2010,
  author = {Подвойский, A. О. and Боровских, В. Е.},
  title = {Метод прогнозирования усталостной долговечности объекта с учетом нестационарного компонента поля стохастических напряжений в условиях квазимонотонной деградации предела выносливости},
  booktitle = {Фундаментальные и прикладные проблемы науки: тр. I Междунар. симпозиума},
  year = {2010},
  volume = {1},
  address      = {М.},
  publisher    = {РАН},
  pages = {159--171},
  language = {russian},
  authorconf = {true},
}

@CONFERENCE{podvoyskiy-ipmash:2009,
  author = {Подвойский, A. О. and Боровских, В. Е.},
  title = {Модель деградации предела выносливости объекта в условиях нестационарного поля стохастических нарпряжений},
  booktitle = {Фундаментальные и прикладные проблемы надежности и диагностики машин и механизмов: сб. трудов Девятой сессии междунар. науч. школы},
  year = {2009},
  address      = {СПб.},
  publisher    = {ИПМАШ РАН},
  pages = {90--92},
  language = {russian},
  authorconf = {true},
}

@inproceedings{confbib1,
  author = {Фамилия, И. О.},
  title = {название тезисов конференции},
  booktitle = {Название сборника},
  year = {2015},
  language = {russian},
  authorconf = {true},
}

@CONFERENCE{confbib2,
  author = {Фамилия, И. О.},
  title = {название тезисов конференции},
  booktitle = {Название сборника},
  year = {2015},
  language = {russian},
  authorconf = {true},
}

@ARTICLE{bib1,
  author = {Фамилия, И. О.},
  title = {Название статьи},
  journal = {Журнал},
  year = {2012},
  volume = {1},
  pages = {100},
  language = {russian},
  authorother = {true},
  authorconf = {true},
}

@CONFERENCE{bib2,
  author = {Фамилия, И. О.},
  title = {название тезисов конференции},
  booktitle = {Название сборника},
  year = {2012},
  language = {russian},
  authorconf = {true},
}

@ARTICLE{scbib1,
  author = {Фамилия, И. О. and Фамилия2, И. О. and Фамилия3, И. О.},
  title = {Название статьи},
  journal = {Журнал},
  year = {2018},
  volume = {2},
  number = {1},
  pages = {99--102},
  language = {russian},
  authorscopus = {true},
  authorwos = {true},
  addendum = {(Scopus, WoS)},
}

@ARTICLE{vakbib1,
  author = {Фамилия, И. О. and Фамилия2, И. О. and Фамилия3, И. О.},
  addendum = {(0,28~п.~л.; ВАК, WoS)},
  title = {Название статьи},
  journal = {Журнал},
  year = {2013},
  volume = {1},
  number = {5},
  pages = {100--120},
  language = {russian},
  authorvak = {true},
  authorwos = {true},
}

@ARTICLE{vakbib2,
  author = {Фамилия, И. О. and Фамилия2, И. О. and Фамилия3, И. О. and Фамилия4, И. О.},
  addendum = {(0,33~п.~л.~/ 0,28~п.~л.; ВАК)},
  title = {Название статьи},
  journal = {Журнал},
  year = {2014},
  volume = {1},
  number = {5},
  pages = {100--120},
  language = {russian},
  authorvak = {true},
}

@ARTICLE{wosbib1,
  author = {Фамилия, И. О. and Фамилия2, И. О. and Фамилия3, И. О.},
  addendum = {(0,21~п.~л., WoS)},
  title = {Название статьи},
  journal = {Журнал},
  year = {2011},
  volume = {1},
  number = {8},
  pages = {105--120},
  language = {russian},
  authorwos = {true},
}
